@misc{ wiki:sistemas_recomendacion,
	   author = "Graph everyware",
	   title = "Sistemas de recomendación",
	   year = "2022",
	   howpublished="\url{https://www.grapheverywhere.com/sistemas-de-recomendacion-que-son-tipos-y-ejemplos/#:~:text=Un%20sistema%20de%20recomendaci%C3%B3n%20es,o%20valor%20para%20el%20usuario.}",
	   note = "[Internet; Accedido 26-abril-2022]"
}

@misc{ wiki:teoriaRedes,
	   author = "Wikipedia",
	   title = "Teoria de Redes",
	   year = "2022",
	   howpublished="\url{https://es.wikipedia.org/w/index.php?title=Ciencia_de_redes&oldid=141496321}",
	   note = "[Internet; Accedido 01-junio-2022]"
}

@misc{ wiki:frontend,
	   author = "Piotr Stefaniak",
	   title = "Frontend",
	   year = "2022",
	   howpublished="\url{https://descubrecomunicacion.com/que-es-backend-y-frontend/}",
	   note = "[Internet; Accedido 26-abril-2022]"
}

@misc{ wiki:scrum,
	   author = "Encarna Abellán",
	   title = "Scrum",
	   year = "2022",
	   howpublished="\url{https://www.wearemarketing.com/es/blog/metodologia-scrum-que-es-y-como-funciona.html}",
	   note = "[Internet; Accedido 26-abril-2022]"
}

@misc{ wiki:sprint,
	   author = "Hector Hurtado Ruesga",
	   title = "Sprint",
	   year = "2022",
	   howpublished="\url{https://www.bbva.com/es/metodologia-scrum-que-es-un-sprint/}",
	   note = "[Internet; Accedido 26-abril-2022]"
}


@misc{ wiki:framework,
	   author = "Edix",
	   title = "Framework",
	   year = "2022",
	   howpublished="\url{https://www.edix.com/es/instituto/framework/}",
	   note = "[Internet; Accedido 26-abril-2022]"
}

@misc{ wiki:metodologias_agiles,
	   author = "Sandra Garrido Sotomayor",
	   title = "Metodologías ágiles",
	   year = "2022",
	   howpublished="\url{https://www.iebschool.com/blog/que-son-metodologias-agiles-agile-scrum/}",
	   note = "[Internet; Accedido 26-abril-2022]"
}

@misc{ wiki:python,
	   author = "Santander Universidades",
	   title = "Python",
	   year = "2022",
	   howpublished="\url{https://www.becas-santander.com/es/blog/python-que-es.html}",
	   note = "[Internet; Accedido 27-abril-2022]"
}

@misc{ wiki:html,
	   author = "Gustavo B.",
	   title = "HTML",
	   year = "2022",
	   howpublished="\url{https://www.hostinger.es/tutoriales/que-es-html}",
	   note = "[Internet; Accedido 27-abril-2022]"
}

@misc{ wiki:css,
	   author = "W3schools",
	   title = "CSS",
	   year = "2022",
	   howpublished="\url{https://www.w3schools.com/css/}",
	   note = "[Internet; Accedido 27-abril-2022]"
}

@misc{ wiki:jupyter,
	   author = "Santiago Figueiras",
	   title = "Jupyter Notebook",
	   year = "2022",
	   howpublished="\url{https://ceupe.mx/blog/conoces-jupyter-notebook.html}",
	   note = "[Internet; Accedido 27-abril-2022]"
}

@misc{ wiki:visualStudio,
	   author = "Kilo Tapias Peralta Escobar",
	   title = "Visual Studio",
	   year = "2022",
	   howpublished="\url{https://www.espaciohonduras.net/microsoft-visual-studio-concepto-y-que-es-y-para-que-sirve-microsoft-visual-studio}",
	   note = "[Internet; Accedido 27-abril-2022]"
}

@misc{ wiki:latex,
	   author = "Wikipedia",
	   title = "Latex",
	   year = "2022",
	   howpublished="\url{https://es.wikipedia.org/w/index.php?title=LaTeX&oldid=142156268}",
	   note = "[Internet; Accedido 27-abril-2022]"
}

@misc{ wiki:github,
	   author = "Gustavo B.",
	   title = "GitHub",
	   year = "2022",
	   howpublished="\url{https://www.hostinger.es/tutoriales/que-es-github#%C2%BFQue_es_GitHub_y_por_que_es_tan_popular}",
	   note = "[Internet; Accedido 27-abril-2022]"
}

@misc{ wiki:heroku,
	   author = "Salesforce blog",
	   title = "Heroku",
	   year = "2022",
	   howpublished="\url{https://www.nts-solutions.com/blog/heroku-que-es.html}",
	   note = "[Internet; Accedido 27-abril-2022]"
}

@misc{ wiki:overleaf,
	   author = "UC3M",
	   title = "Overleaf",
	   year = "2022",
	   howpublished="\url{https://www.uc3m.es/sdic/servicios/overleaf}",
	   note = "[Internet; Accedido 27-abril-2022]"
}

@misc{ wiki:dataframe,
	   author = "Datacarpentry",
	   title = "Dataframe",
	   year = "2022",
	   howpublished="\url{https://datacarpentry.org/python-ecology-lesson-es/02-starting-with-data/#:~:text=Un%20DataFrame%20es%}",
	   note = "[Internet; Accedido 28-abril-2022]"
}

@misc{ wiki:amazon,
	   author = "Gregory D. Linden, Jennifer A. Jacobi and Eric A. Benson",
	   title = "Patente sistema de recomendación de Amazon",
	   year = "1998",
	   howpublished="\url{https://patents.google.com/patent/US6266649}",
	   note = "[Internet; Accedido 1-junio-2022]"
}

@misc{ wiki:filtroModelos,
	   author = "Daniel Ciruelo",
	   title = "Introducción a Sistemas de Recomendación",
	   year = "2020",
	   howpublished="\url{https://blog.bi-geek.com/introduccion-a-sistemas-de-recomendacion/}",
	   note = "[Internet; Accedido 6-junio-2022]"
}

@article{yu2015,
  title     = {Network-based recommendation algorithms: A review},
  author    = {Yu, Fei and Zeng, An and Gillard, Sebastien and Medo Matus},
  journal   = {CoRR},
  volume    = {abs/1511.06252},
  year      = {2015},
  publisher = {arXiv}
}

@misc{ wiki:sistRecomBasadosEnRedes,
	   author = "Marta Caro Martínez",
	   title = "Sistemas de recomendación y explicaciones basados en grafos de interacción",
	   year = "2022",
	   howpublished="\url{https://eprints.ucm.es/id/eprint/71516/1/T43129.pdf}",
	   note = "[Internet; Accedido 6-junio-2022]"
}

@misc{ wiki:knn,
	   author = "Juan Ignacio",
	   title = "Algoritmo K-Nearest Neighbor",
	   year = "2018",
	   howpublished="\url{https://www.aprendemachinelearning.com/clasificar-con-k-nearest-neighbor-ejemplo-en-python/}",
	   note = "[Internet; Accedido 8-junio-2022]"
}


@misc{ wiki:girvanNewman,
	   author = "Wikipedia",
	   title = "Algoritmo de Girvan-Newmann",
	   year = "2022",
	   howpublished="\url{https://en.wikipedia.org/w/index.php?title=Girvan%E2%80%93Newman_algorithm&oldid=1034946281}",
	   note = "[Internet; Accedido 7-junio-2022]"
}

@misc{ wiki:louvain,
	   author = "Graph Everywhere",
	   title = "Algoritmo de Louvain",
	   year = "2022",
	   howpublished="\url{https://www.grapheverywhere.com/algoritmo-de-louvain/#:~:text=El%20algoritmo%20de%20Louvain%20esta,que%20pertenecen%20a%20una%20red.}",
	   note = "[Internet; Accedido 7-junio-2022]"
}

@misc{ wiki:leiden,
	   author = "David Marquinez Burgos",
	   title = "Algoritmo de Leiden",
	   year = "2021",
	   howpublished="\url{https://oa.upm.es/68317/1/TFG_DAVID_MARQUINEZ_BURGOS.pdf}",
	   note = "[Internet; Accedido 7-junio-2022]"
}

@misc{ wiki:kernighan,
	   author = "M. Paz Contreras Warz, Juan A. Zúñiga Verdugo ",
	   title = "Algoritmo de Kernighan-Lin",
	   year = "2015",
	   howpublished="\url{http://opac.pucv.cl/pucv_txt/txt-5000/ucd5101_01.pdf}",
	   note = "[Internet; Accedido 7-junio-2022]"
}


