@misc{ wiki:ers,
	   author = "Wikipedia",
	   title = "Especificación de requisitos de software",
	   year = "2022",
	   howpublished="\url{https://es.wikipedia.org/w/index.php?title=Especificaci%C3%B3n_de_requisitos_de_software&oldid=138867652}",
	   note = "[Internet; Accedido 17-mayo-2022]"
}

@misc{ wiki:ersobjetivo,
	   author = "Junta de Andalucía",
	   title = "Objetivo de la especificación de requisitos de software",
	   year = "2022",
	   howpublished="\url{http://www.juntadeandalucia.es/servicios/madeja/contenido/recurso/407}",
	   note = "[Internet; Accedido 17-mayo-2022]"
}

@misc{ wiki:casosDeUso,
	   author = "Junta de Andalucía",
	   title = "Casos de uso",
	   year = "2022",
	   howpublished="\url{https://www.juntadeandalucia.es/servicios/madeja/contenido/recurso/416}",
	   note = "[Internet; Accedido 17-mayo-2022]"
}

@misc{ wiki:cotizacionSS,
	   author = "Seguridad Social",
	   title = "Cotización de la Seguridad Social",
	   year = "2022",
	   howpublished="\url{https://www.seg-social.es/wps/portal/wss/internet/Trabajadores/CotizacionRecaudacionTrabajadores/36537}",
	   note = "[Internet; Accedido 1-junio-2022]"
}

@misc{ wiki:patrones,
	   author = "Miriam Martínez Canelo",
	   title = "Patrones de diseño de software",
	   year = "2020",
	   howpublished="\url{https://profile.es/blog/patrones-de-diseno-de-software/}",
	   note = "[Internet; Accedido 19-mayo-2022]"
}

@article{ekstrand2011,
  title={Collaborative Filtering Recommender Systems},
  author={Ekstrand, Michael D. and Riedl, John T. and Konstan, Joseph A.},
  journal={Foundations and Trends® in Human–Computer Interaction},
  volume={4},
  number={2},
  pages={81--173},
  year={2011},
  publisher={Now Publishers Inc}
}


@book{aggarwal2016,
		author = "Aggarwal, Charu C.",
		title = "Recommender Systems: The Textbook",
		publisher = "Springer",
		year = "2016"
}